@thesis{Iadarola:thesis,
      author        = "Iadarola, Giovanni",
      title         = "{Electron cloud studies for CERN particle accelerators and
                       simulation code development}",
      month         = "Mar",
      year          = "2014",
      url           = "https://cds.cern.ch/record/1705520",
      note          = "Presented 23 05 2014",
}

@article{Iadarola:boostedframe,
      author        = "Iadarola, Giovanni",
      title         = "{Modelling the interaction of a relativistic beam particle
                       with an electron cloud}",
      month         = "Aug",
      year          = "2019",
      url           = "https://cds.cern.ch/record/2684858",
}

@book{Jackson:100964,
      author        = "Jackson, John David",
      title         = "{Classical electrodynamics; 2nd ed.}",
      publisher     = "Wiley",
      address       = "New York, NY",
      year          = "1975",
      url           = "https://cds.cern.ch/record/100964",
}

@book{Griffiths:1492149,
      author        = "Griffiths, David J",
      title         = "{Introduction to electrodynamics; 4th ed.}",
      publisher     = "Pearson",
      address       = "Boston, MA",
      year          = "2013",
      url           = "https://cds.cern.ch/record/1492149",
      note          = "Re-published by Cambridge University Press in 2017",
      doi           = "1108420419",
}

@article{Wulff:2683285,
      author        = "Wulff, Eric and Iadarola, Giovanni",
      title         = "{Implementation and benchmarking of the Furman-Pivi model
                       for Secondary Electron Emission in the PyECLOUD simulation
                       code}",
      month         = "Jul",
      year          = "2019",
 
      url           = "http://cds.cern.ch/record/2683285",
}

@article{FurmanPivi,
  title = {Probabilistic model for the simulation of secondary electron emission},
  author = {Furman, M. A. and Pivi, M. T. F.},
  journal = {Phys. Rev. ST Accel. Beams},
  volume = {5},
  issue = {12},
  pages = {124404},
  numpages = {18},
  year = {2002},
  month = {Dec},
  publisher = {American Physical Society},
  doi = {10.1103/PhysRevSTAB.5.124404},
  url = {https://link.aps.org/doi/10.1103/PhysRevSTAB.5.124404}
}

@article{ShortleyWeller,
author = {Shortley,G. H.  and Weller,R. },
title = {The Numerical Solution of Laplace's Equation},
journal = {Journal of Applied Physics},
volume = {9},
number = {5},
pages = {334-348},
year = {1938},
doi = {10.1063/1.1710426},

URL = { 
        https://doi.org/10.1063/1.1710426
    
},
eprint = { 
        https://doi.org/10.1063/1.1710426
}

}

@techreport{weynans:ShortleyWellerOrder,
  TITLE = {{A proof in the finite-difference spirit of the superconvergence of the gradient for the Shortley-Weller method}},
  AUTHOR = {Weynans, Lisl},
  URL = {https://hal.inria.fr/hal-01176994},
  TYPE = {Research Report},
  NUMBER = {RR-8757},
  PAGES = {14},
  INSTITUTION = {{INRIA Bordeaux ; INRIA}},
  YEAR = {2015},
  MONTH = Jul,
  KEYWORDS = {Finite-difference ; super-convergence ; Poisson equation ; Shortley-Weller method ; discrete Green's function},
  PDF = {https://hal.inria.fr/hal-01176994v1/file/RR-8757.pdf},
  HAL_ID = {hal-01176994},
  HAL_VERSION = {v1},
}